@BOOK{Smith:2012qr,
   title = {Chemistry},
   publisher = {Publisher},
   author = {Smith, J.~M. and Jones, A.~B.},
   year = {2012},
   edition = {7th},
}
@inproceedings{bifet2010fast,
  title={Fast perceptron decision tree learning from evolving data streams},
  author={Bifet, Albert and Holmes, Geoff and Pfahringer, Bernhard and Frank, Eibe},
  booktitle={Pacific-Asia Conference on Knowledge Discovery and Data Mining},
  pages={299--310},
  year={2010},
  organization={Springer}
}
@inproceedings{Bifet:2009:ALE:1617420.1617445,
 author = {Bifet, Albert and Gavald\`{a}, Ricard},
 title = {Adaptive Learning from Evolving Data Streams},
 booktitle = {Proceedings of the 8th International Symposium on Intelligent Data Analysis: Advances in Intelligent Data Analysis VIII},
 series = {IDA '09},
 year = {2009},
 isbn = {978-3-642-03914-0},
 location = {Lyon, France},
 pages = {249--260},
 numpages = {12},
 url = {http://dx.doi.org/10.1007/978-3-642-03915-7_22},
 doi = {10.1007/978-3-642-03915-7_22},
 acmid = {1617445},
 publisher = {Springer-Verlag},
 address = {Berlin, Heidelberg},
} 


@inproceedings{Domingos:2000:MHD:347090.347107,
 author = {Domingos, Pedro and Hulten, Geoff},
 title = {Mining High-speed Data Streams},
 booktitle = {Proceedings of the Sixth ACM SIGKDD International Conference on Knowledge Discovery and Data Mining},
 series = {KDD '00},
 year = {2000},
 isbn = {1-58113-233-6},
 location = {Boston, Massachusetts, USA},
 pages = {71--80},
 numpages = {10},
 url = {http://doi.acm.org/10.1145/347090.347107},
 doi = {10.1145/347090.347107},
 acmid = {347107},
 publisher = {ACM},
 address = {New York, NY, USA},
 keywords = {Hoeffding bounds, decision trees, disk-based algorithms, incremental learning, subsampling},
} 


@Inbook{Read2012,
author="Read, Jesse and Bifet, Albert and Pfahringer, Bernhard and
Holmes, Geoff",
editor="Hollm{\'e}n, Jaakko and Klawonn, Frank and Tucker, Allan",
title="Batch-Incremental versus Instance-Incremental Learning in
Dynamic and Evolving Data",
bookTitle="Advances in Intelligent Data Analysis XI: 11th
International Symposium, IDA 2012, Helsinki, Finland, October 25-27,
2012. Proceedings",
year="2012",
publisher="Springer Berlin Heidelberg",
address="Berlin, Heidelberg",
pages="313--323",
isbn="978-3-642-34156-4",
doi="10.1007/978-3-642-34156-4_29",
url="http://dx.doi.org/10.1007/978-3-642-34156-4_29"
}

@book{Witten:2005:DMP:1205860,
 author = {Witten, Ian H. and Frank, Eibe},
 title = {Data Mining: Practical Machine Learning Tools and Techniques, Second Edition (Morgan Kaufmann Series in Data Management Systems)},
 year = {2005},
 isbn = {0120884070},
 publisher = {Morgan Kaufmann Publishers Inc.},
 address = {San Francisco, CA, USA},
} 

@article{kullback1951,
author = "Kullback, S. and Leibler, R. A.",
doi = "10.1214/aoms/1177729694",
fjournal = "The Annals of Mathematical Statistics",
journal = "Ann. Math. Statist.",
month = "03",
number = "1",
pages = "79--86",
publisher = "The Institute of Mathematical Statistics",
title = "On Information and Sufficiency",
url = "http://dx.doi.org/10.1214/aoms/1177729694",
volume = "22",
year = "1951"
}

@article{Hoare:1961:AF:366622.366647,
 author = {Hoare, C. A. R.},
 title = {Algorithm 65: Find},
 journal = {Commun. ACM},
 issue_date = {July 1961},
 volume = {4},
 number = {7},
 month = jul,
 year = {1961},
 issn = {0001-0782},
 pages = {321--322},
 numpages = {2},
 url = {http://doi.acm.org/10.1145/366622.366647},
 doi = {10.1145/366622.366647},
 acmid = {366647},
 publisher = {ACM},
 address = {New York, NY, USA},
}

@Inbook{Barddal2015,
author="Barddal, Jean Paul
and Gomes, Heitor Murilo
and Enembreck, Fabr{\'i}cio",
editor="Arik, Sabri
and Huang, Tingwen
and Lai, Weng Kin
and Liu, Qingshan",
title="Analyzing the Impact of Feature Drifts in Streaming Learning",
bookTitle="Neural Information Processing: 22nd International Conference, ICONIP 2015, Istanbul, Turkey, November 9-12, 2015, Proceedings, Part I",
year="2015",
publisher="Springer International Publishing",
address="Cham",
pages="21--28",
isbn="978-3-319-26532-2",
doi="10.1007/978-3-319-26532-2_3",
url="http://dx.doi.org/10.1007/978-3-319-26532-2_3"
}


@article{Bifet:2010:MMO:1756006.1859903,
 author = {Bifet, Albert and Holmes, Geoff and Kirkby, Richard and Pfahringer, Bernhard},
 title = {MOA: Massive Online Analysis},
 journal = {J. Mach. Learn. Res.},
 issue_date = {3/1/2010},
 volume = {11},
 month = aug,
 year = {2010},
 issn = {1532-4435},
 pages = {1601--1604},
 numpages = {4},
 url = {http://dl.acm.org/citation.cfm?id=1756006.1859903},
 acmid = {1859903},
 publisher = {JMLR.org},
} 

@inproceedings{Domingos:2000:MHD:347090.347107,
 author = {Domingos, Pedro and Hulten, Geoff},
 title = {Mining High-speed Data Streams},
 booktitle = {Proceedings of the Sixth ACM SIGKDD International Conference on Knowledge Discovery and Data Mining},
 series = {KDD '00},
 year = {2000},
 isbn = {1-58113-233-6},
 location = {Boston, Massachusetts, USA},
 pages = {71--80},
 numpages = {10},
 url = {http://doi.acm.org/10.1145/347090.347107},
 doi = {10.1145/347090.347107},
 acmid = {347107},
 publisher = {ACM},
 address = {New York, NY, USA},
 keywords = {Hoeffding bounds, decision trees, disk-based algorithms, incremental learning, subsampling},
}

@inproceedings{icml2003_YuL03, 
Title = {Feature Selection for High-Dimensional Data: A Fast Correlation-Based Filter Solution}, 
Url = {http://www.aaai.org/Papers/ICML/2003/ICML03-111.pdf}, 
Booktitle = {Proceedings of the 20th International Conference on Machine Learning (ICML-03)}, 
Author = {Lei Yu and Huan Liu}, 
Editor = {Tom Fawcett and Nina Mishra}, 
Year = {2003}, 
Pages = {856-863} 
}
@TECHREPORT{Hall98correlation-basedfeature,
    author = {Mark A. Hall},
    title = {Correlation-based feature selection for machine learning},
    institution = {},
    year = {1998}
}


@article{Agrawal1993,
    author = {R. Agrawal and T. Imielinski and A. Swami},
    journal = {IEEE Transactions on Knowledge and Data Engineering},
    note = {Special issue on Learning and Discovery in Knowledge-Based Databases},
    number = {6},
    pages = {914-925},
    title = {Database Mining: A Performance Perspective},
    volume = {5},
    year = {1993},
    URL = {http://www.almaden.ibm.com/software/quest/Publications/ByDate.html},
    PDF = {http://www.almaden.ibm.com/software/quest/Publications/papers/tkde93.pdf}
}
 
@Inbook{Metwally2005,
author="Metwally, Ahmed
and Agrawal, Divyakant
and El Abbadi, Amr",
editor="Eiter, Thomas
and Libkin, Leonid",
title="Efficient Computation of Frequent and Top-k Elements in Data Streams",
bookTitle="Database Theory - ICDT 2005: 10th International Conference, Edinburgh, UK, January 5-7, 2005. Proceedings",
year="2005",
publisher="Springer Berlin Heidelberg",
address="Berlin, Heidelberg",
pages="398--412",
isbn="978-3-540-30570-5",
doi="10.1007/978-3-540-30570-5_27",
url="http://dx.doi.org/10.1007/978-3-540-30570-5_27"
}

@article{dempster1967,
author = "Dempster, A. P.",
doi = "10.1214/aoms/1177698950",
fjournal = "The Annals of Mathematical Statistics",
journal = "Ann. Math. Statist.",
month = "04",
number = "2",
pages = "325--339",
publisher = "The Institute of Mathematical Statistics",
title = "Upper and Lower Probabilities Induced by a Multivalued Mapping",
url = "http://dx.doi.org/10.1214/aoms/1177698950",
volume = "38",
year = "1967"
}

@InProceedings{ESFS2,
  title         = {{Image Categorization Using ESFS: A New Embedded Feature Selection Method Based on SFS}},
  author        = {Huanzhang {Fu} and Zhongzhe {Xiao} and Emmanuel 
    {Dellandréa} and Weibei {Dou} and Liming {Chen}},
  year          = {2009},
  month         = sep,
  booktitle     = {Advanced Concepts for Intelligent Vision Systems (ACIVS)},
  pages         = {288-299}, 
  DOI           = {10.1007/978-3-642-04697-1_27}, 
  issn          = {0302-9743 }, 
  language      = {en},
  url           = {http://liris.cnrs.fr/publis/?id=4287}
}

@article{Barddal2016,
title = "A survey on feature drift adaptation: Definition, benchmark, challenges and future directions ",
journal = "Journal of Systems and Software ",
year = "2016",
issn = "0164-1212",
doi = "http://dx.doi.org/10.1016/j.jss.2016.07.005",
url = "http://www.sciencedirect.com/science/article/pii/S0164121216301030",
author = "Jean Paul Barddal and Heitor Murilo Gomes and Fabrício Enembreck and Bernhard Pfahringer",
keywords = "Feature drift",
keywords = "Feature selection",
keywords = "Data stream mining "
}

@InProceedings{Barddal:2016,
author="Barddal, Jean Paul and Murilo Gomes, Heitor and Enembreck, Fabr{\'i}cio and Pfahringer, Bernhard and Bifet, Albert",
editor="Frasconi, Paolo and Landwehr, Niels and Manco, Giuseppe and Vreeken, Jilles",
title="On Dynamic Feature Weighting for Feature Drifting Data Streams",
bookTitle="Machine Learning and Knowledge Discovery in Databases: European Conference, ECML PKDD 2016, Riva del Garda, Italy, September 19-23, 2016, Proceedings, Part II",
year="2016",
month=jul,
publisher="Springer International Publishing",
address="Cham",
pages="129--144",
isbn="978-3-319-46227-1",
doi="10.1007/978-3-319-46227-1_9",
url="http://dx.doi.org/10.1007/978-3-319-46227-1_9"
}

@article{Guyon:2003:IVF:944919.944968,
 author = {Guyon, Isabelle and Elisseeff, Andr{\'e}},
 title = {An Introduction to Variable and Feature Selection},
 journal = {J. Mach. Learn. Res.},
 issue_date = {3/1/2003},
 volume = {3},
 month = mar,
 year = {2003},
 issn = {1532-4435},
 pages = {1157--1182},
 numpages = {26},
 url = {http://dl.acm.org/citation.cfm?id=944919.944968},
 acmid = {944968},
 publisher = {JMLR.org},
} 

@misc{NZROAD,
  author = {Beckham, Christopher and Gouk, Henry and Sarjant, Sam},
  title = {New Zealand road accident data},
  howpublished = {\url{https://github.com/chrispy645/nzta-crash-vis/tree/master/data}},
  note = {Accessed: 2016-10-21},
  year = {2015}
}
@inproceedings{Gama:2006:DDS:1141277.1141429,
 author = {Gama, Jo\~{a}o and Pinto, Carlos},
 title = {Discretization from Data Streams: Applications to Histograms and Data Mining},
 booktitle = {Proceedings of the 2006 ACM Symposium on Applied Computing},
 series = {SAC '06},
 year = {2006},
 isbn = {1-59593-108-2},
 location = {Dijon, France},
 pages = {662--667},
 numpages = {6},
 url = {http://doi.acm.org/10.1145/1141277.1141429},
 doi = {10.1145/1141277.1141429},
 acmid = {1141429},
 publisher = {ACM},
 address = {New York, NY, USA},
} 
@INPROCEEDINGS{SEA,
    author = {{Nick Street}, W and  Kim, Yongseog},
    title = {A Streaming Ensemble Algorithm (SEA) for Large-Scale Classification},
    booktitle = {},
    year = {2001},
    pages = {377--382},
    publisher = {ACM Press}
}

@TechReport{ESFS,
  title         = {{ESFS: A new embedded feature selection method based on SFS}},
  author        = {Zhongzhe {Xiao} and Emmanuel {Dellandréa} and Weibei {Dou} and Liming {Chen}},
  year          = {2008},
  month         = sep,
  institution   = {LIRIS UMR 5205 CNRS/INSA de Lyon/Université Claude Bernard 
    Lyon 1/Université Lumière Lyon 2/École Centrale de Lyon},
  number        = {RR-LIRIS-2008-018},
   language      = {en},
  url           = {http://liris.cnrs.fr/publis/?id=3549}
}